
# Other survey
@article{zeng2021we,
  title={Are we there yet? A review on existing perceptual theory and experiment support for visualization recommendation systems},
  author={Zeng, Zehua and Xie, Minhui and Gouzoulis, Matthew and Battle, Leilani},
  journal={arXiv preprint arXiv:2109.01271},
  year={2021}
}

# Vartak MIT survey
@article{vartak2017towards,
  title={Towards visualization recommendation systems},
  author={Vartak, Manasi and Huang, Silu and Siddiqui, Tarique and Madden, Samuel and Parameswaran, Aditya},
  journal={Acm Sigmod Record},
  volume={45},
  number={4},
  pages={34--39},
  year={2017},
  publisher={ACM New York, NY, USA}
}



@article{qin2020making,
  title={Making data visualization more efficient and effective: a survey},
  author={Qin, Xuedi and Luo, Yuyu and Tang, Nan and Li, Guoliang},
  journal={The VLDB Journal},
  volume={29},
  number={1},
  pages={93--117},
  year={2020},
  publisher={Springer}
}

@inproceedings{heer2005prefuse,
  title={Prefuse: a toolkit for interactive information visualization},
  author={Heer, Jeffrey and Card, Stuart K and Landay, James A},
  booktitle={Proceedings of the SIGCHI conference on Human factors in computing systems},
  pages={421--430},
  year={2005}
}


@article{bostock2009protovis,
  title={Protovis: A graphical toolkit for visualization},
  author={Bostock, Michael and Heer, Jeffrey},
  journal={IEEE transactions on visualization and computer graphics},
  volume={15},
  number={6},
  pages={1121--1128},
  year={2009},
  publisher={IEEE}
}

@article{satyanarayan2015reactive,
  title={Reactive vega: A streaming dataflow architecture for declarative interactive visualization},
  author={Satyanarayan, Arvind and Russell, Ryan and Hoffswell, Jane and Heer, Jeffrey},
  journal={IEEE transactions on visualization and computer graphics},
  volume={22},
  number={1},
  pages={659--668},
  year={2015},
  publisher={IEEE}
}

@misc{vegaLang,
  howpublished = {https://vega.github.io/vega/},
  title        = {Vega: A visualization grammar},
  year         = {Accedido 3/11/2022  }
}

@article{satyanarayan2016vega,
  title={Vega-lite: A grammar of interactive graphics},
  author={Satyanarayan, Arvind and Moritz, Dominik and Wongsuphasawat, Kanit and Heer, Jeffrey},
  journal={IEEE transactions on visualization and computer graphics},
  volume={23},
  number={1},
  pages={341--350},
  year={2016},
  publisher={IEEE}
}

@article{vanderplas2018altair,
  title={Altair: interactive statistical visualizations for Python},
  author={VanderPlas, Jacob and Granger, Brian and Heer, Jeffrey and Moritz, Dominik and Wongsuphasawat, Kanit and Satyanarayan, Arvind and Lees, Eitan and Timofeev, Ilia and Welsh, Ben and Sievert, Scott},
  journal={Journal of open source software},
  volume={3},
  number={32},
  pages={1057},
  year={2018},
  publisher={The Open Journal}
}

@misc{vegaEco,
  howpublished = {https://vega.github.io/vega-lite/ecosystem.html},
  title        = {Vega-Lite Ecosystem},
  year         = {Accedido 3/11/2022}
}

@article{wickham2010layered,
  title={A layered grammar of graphics},
  author={Wickham, Hadley},
  journal={Journal of Computational and Graphical Statistics},
  volume={19},
  number={1},
  pages={3--28},
  year={2010},
  publisher={Taylor \& Francis}
}


@article{wongsuphasawat2015voyager,
  title={Voyager: Exploratory analysis via faceted browsing of visualization recommendations},
  author={Wongsuphasawat, Kanit and Moritz, Dominik and Anand, Anushka and Mackinlay, Jock and Howe, Bill and Heer, Jeffrey},
  journal={IEEE transactions on visualization and computer graphics},
  volume={22},
  number={1},
  pages={649--658},
  year={2015},
  publisher={IEEE}
}

@inproceedings{wongsuphasawat2017voyager,
  title={Voyager 2: Augmenting visual analysis with partial view specifications},
  author={Wongsuphasawat, Kanit and Qu, Zening and Moritz, Dominik and Chang, Riley and Ouk, Felix and Anand, Anushka and Mackinlay, Jock and Howe, Bill and Heer, Jeffrey},
  booktitle={Proceedings of the 2017 chi conference on human factors in computing systems},
  pages={2648--2659},
  year={2017}
}

@inproceedings{hanrahan2006vizql,
  title={Vizql: a language for query, analysis and visualization},
  author={Hanrahan, Pat},
  booktitle={Proceedings of the 2006 ACM SIGMOD international conference on Management of data},
  pages={721--721},
  year={2006}
}


@article{li2018echarts,
  title={ECharts: a declarative framework for rapid construction of web-based visualization},
  author={Li, Deqing and Mei, Honghui and Shen, Yi and Su, Shuang and Zhang, Wenli and Wang, Junting and Zu, Ming and Chen, Wei},
  journal={Visual Informatics},
  volume={2},
  number={2},
  pages={136--146},
  year={2018},
  publisher={Elsevier}
}

%BOZ
@article{casner1991task,
  title={Task-analytic approach to the automated design of graphic presentations},
  author={Casner, Stephen M},
  journal={ACM Transactions on Graphics (ToG)},
  volume={10},
  number={2},
  pages={111--151},
  year={1991},
  publisher={ACM New York, NY, USA}
}

%SAGE
@inproceedings{roth1994interactive,
  title={Interactive graphic design using automatic presentation knowledge},
  author={Roth, Steven F and Kolojejchick, John and Mattis, Joe and Goldstein, Jade},
  booktitle={Proceedings of the SIGCHI conference on Human factors in computing systems},
  pages={112--117},
  year={1994}
}

%APT
@article{mackinlay1986automating,
  title={Automating the design of graphical presentations of relational information},
  author={Mackinlay, Jock},
  journal={Acm Transactions On Graphics (Tog)},
  volume={5},
  number={2},
  pages={110--141},
  year={1986},
  publisher={Acm New York, NY, USA}
}

%Showme
@article{mackinlay2007show,
  title={Show me: Automatic presentation for visual analysis},
  author={Mackinlay, Jock and Hanrahan, Pat and Stolte, Chris},
  journal={IEEE transactions on visualization and computer graphics},
  volume={13},
  number={6},
  pages={1137--1144},
  year={2007},
  publisher={IEEE}
}

%VizDeck
@inproceedings{key2012vizdeck,
  title={Vizdeck: self-organizing dashboards for visual analytics},
  author={Key, Alicia and Howe, Bill and Perry, Daniel and Aragon, Cecilia},
  booktitle={Proceedings of the 2012 acm sigmod international conference on management of data},
  pages={681--684},
  year={2012}
}

%seeDB
@article{vartak2014seedb,
  title={SEEDB: automatically generating query visualizations},
  author={Vartak, Manasi and Madden, Samuel and Parameswaran, Aditya and Polyzotis, Neoklis},
  year={2014},
  publisher={Association for Computing Machinery (ACM)}
}

@article{harris2021insight,
  title={Insight-centric Visualization Recommendation},
  author={Harris, Camille and Rossi, Ryan A and Malik, Sana and Hoffswell, Jane and Du, Fan and Lee, Tak Yeon and Koh, Eunyee and Zhao, Handong},
  journal={arXiv preprint arXiv:2103.11297},
  year={2021}
}

@article{demiralp2017foresight,
  title={Foresight: Recommending visual insights},
  author={Demiralp, {\c{C}}a{\u{g}}atay and Haas, Peter J and Parthasarathy, Srinivasan and Pedapati, Tejaswini},
  journal={arXiv preprint arXiv:1707.03877},
  year={2017}
}

@inproceedings{hu2018dive,
  title={DIVE: A mixed-initiative system supporting integrated data exploration workflows},
  author={Hu, Kevin and Orghian, Diana and Hidalgo, C{\'e}sar},
  booktitle={Proceedings of the workshop on human-in-the-loop data analytics},
  pages={1--7},
  year={2018}
}

@article{moritz2018draco,
  title={Formalizing visualization design knowledge as constraints: Actionable and extensible models in draco},
  author={Moritz, Dominik and Wang, Chenglong and Nelson, Greg L and Lin, Halden and Smith, Adam M and Howe, Bill and Heer, Jeffrey},
  journal={IEEE transactions on visualization and computer graphics},
  volume={25},
  number={1},
  pages={438--448},
  year={2018},
  publisher={IEEE}
}


@inproceedings{luo2018deepeye,
  title={Deepeye: Towards automatic data visualization},
  author={Luo, Yuyu and Qin, Xuedi and Tang, Nan and Li, Guoliang},
  booktitle={2018 IEEE 34th international conference on data engineering (ICDE)},
  pages={101--112},
  year={2018},
  organization={IEEE}
}

@article{dibia2019data2vis,
  title={Data2vis: Automatic generation of data visualizations using sequence-to-sequence recurrent neural networks},
  author={Dibia, Victor and Demiralp, {\c{C}}a{\u{g}}atay},
  journal={IEEE computer graphics and applications},
  volume={39},
  number={5},
  pages={33--46},
  year={2019},
  publisher={IEEE}
}

@article{sutskever2014sequence,
  title={Sequence to sequence learning with neural networks},
  author={Sutskever, Ilya and Vinyals, Oriol and Le, Quoc V},
  journal={Advances in neural information processing systems},
  volume={27},
  year={2014}
}

@article{qian2020ml,
  title={Ml-based visualization recommendation: Learning to recommend visualizations from data},
  author={Qian, Xin and Rossi, Ryan A and Du, Fan and Kim, Sungchul and Koh, Eunyee and Malik, Sana and Lee, Tak Yeon and Chan, Joel},
  journal={arXiv preprint arXiv:2009.12316},
  year={2020}
}

@article{keim2002information,
  title={Information visualization and visual data mining},
  author={Keim, Daniel A},
  journal={IEEE transactions on Visualization and Computer Graphics},
  volume={8},
  number={1},
  pages={1--8},
  year={2002},
  publisher={IEEE}
}

@inproceedings{hu2019vizml,
  title={Vizml: A machine learning approach to visualization recommendation},
  author={Hu, Kevin and Bakker, Michiel A and Li, Stephen and Kraska, Tim and Hidalgo, C{\'e}sar},
  booktitle={Proceedings of the 2019 CHI Conference on Human Factors in Computing Systems},
  pages={1--12},
  year={2019}
}

@article{schafer2002missing,
  title={Missing data: our view of the state of the art.},
  author={Schafer, Joseph L and Graham, John W},
  journal={Psychological methods},
  volume={7},
  number={2},
  pages={147},
  year={2002},
  publisher={American Psychological Association}
}

@article{li2021kg4vis,
  title={KG4Vis: A knowledge graph-based approach for visualization recommendation},
  author={Li, Haotian and Wang, Yong and Zhang, Songheng and Song, Yangqiu and Qu, Huamin},
  journal={IEEE Transactions on Visualization and Computer Graphics},
  volume={28},
  number={1},
  pages={195--205},
  year={2021},
  publisher={IEEE}
}

@article{fayyad1993multi,
  title={Multi-interval discretization of continuous-valued attributes for classification learning},
  author={Fayyad, Usama and Irani, Keki},
  year={1993}
}

@misc{pandas2022,
  author       = {Pandas},
  howpublished = {https://pandas.pydata.org/about/},
  title        = {About pandas},
  year         = {Accedido 6/11/2022 }
}

@Article{         harris2020array,
 title         = {Array programming with {NumPy}},
 author        = {Charles R. Harris and K. Jarrod Millman and St{\'{e}}fan J.
                 van der Walt and Ralf Gommers and Pauli Virtanen and David
                 Cournapeau and Eric Wieser and Julian Taylor and Sebastian
                 Berg and Nathaniel J. Smith and Robert Kern and Matti Picus
                 and Stephan Hoyer and Marten H. van Kerkwijk and Matthew
                 Brett and Allan Haldane and Jaime Fern{\'{a}}ndez del
                 R{\'{i}}o and Mark Wiebe and Pearu Peterson and Pierre
                 G{\'{e}}rard-Marchant and Kevin Sheppard and Tyler Reddy and
                 Warren Weckesser and Hameer Abbasi and Christoph Gohlke and
                 Travis E. Oliphant},
 year          = {2020},
 month         = sep,
 journal       = {Nature},
 volume        = {585},
 number        = {7825},
 pages         = {357--362},
 doi           = {10.1038/s41586-020-2649-2},
 publisher     = {Springer Science and Business Media {LLC}},
 url           = {https://doi.org/10.1038/s41586-020-2649-2}
}

@ARTICLE{2020SciPy-NMeth,
  author  = {Virtanen, Pauli and Gommers, Ralf and Oliphant, Travis E. and
            Haberland, Matt and Reddy, Tyler and Cournapeau, David and
            Burovski, Evgeni and Peterson, Pearu and Weckesser, Warren and
            Bright, Jonathan and {van der Walt}, St{\'e}fan J. and
            Brett, Matthew and Wilson, Joshua and Millman, K. Jarrod and
            Mayorov, Nikolay and Nelson, Andrew R. J. and Jones, Eric and
            Kern, Robert and Larson, Eric and Carey, C J and
            Polat, {\.I}lhan and Feng, Yu and Moore, Eric W. and
            {VanderPlas}, Jake and Laxalde, Denis and Perktold, Josef and
            Cimrman, Robert and Henriksen, Ian and Quintero, E. A. and
            Harris, Charles R. and Archibald, Anne M. and
            Ribeiro, Ant{\^o}nio H. and Pedregosa, Fabian and
            {van Mulbregt}, Paul and {SciPy 1.0 Contributors}},
  title   = {{{SciPy} 1.0: Fundamental Algorithms for Scientific
            Computing in Python}},
  journal = {Nature Methods},
  year    = {2020},
  volume  = {17},
  pages   = {261--272},
  adsurl  = {https://rdcu.be/b08Wh},
  doi     = {10.1038/s41592-019-0686-2},
}

@article{scikit-learn,
 title={Scikit-learn: Machine Learning in {P}ython},
 author={Pedregosa, F. and Varoquaux, G. and Gramfort, A. and Michel, V.
         and Thirion, B. and Grisel, O. and Blondel, M. and Prettenhofer, P.
         and Weiss, R. and Dubourg, V. and Vanderplas, J. and Passos, A. and
         Cournapeau, D. and Brucher, M. and Perrot, M. and Duchesnay, E.},
 journal={Journal of Machine Learning Research},
 volume={12},
 pages={2825--2830},
 year={2011}
}

@misc{tensorflow2015-whitepaper,
title={ {TensorFlow}: Large-Scale Machine Learning on Heterogeneous Systems},
url={https://www.tensorflow.org/},
note={Software available from tensorflow.org},
author={
    Mart\'{i}n~Abadi and
    Ashish~Agarwal and
    Paul~Barham and
    Eugene~Brevdo and
    Zhifeng~Chen and
    Craig~Citro and
    Greg~S.~Corrado and
    Andy~Davis and
    Jeffrey~Dean and
    Matthieu~Devin and
    Sanjay~Ghemawat and
    Ian~Goodfellow and
    Andrew~Harp and
    Geoffrey~Irving and
    Michael~Isard and
    Yangqing Jia and
    Rafal~Jozefowicz and
    Lukasz~Kaiser and
    Manjunath~Kudlur and
    Josh~Levenberg and
    Dandelion~Man\'{e} and
    Rajat~Monga and
    Sherry~Moore and
    Derek~Murray and
    Chris~Olah and
    Mike~Schuster and
    Jonathon~Shlens and
    Benoit~Steiner and
    Ilya~Sutskever and
    Kunal~Talwar and
    Paul~Tucker and
    Vincent~Vanhoucke and
    Vijay~Vasudevan and
    Fernanda~Vi\'{e}gas and
    Oriol~Vinyals and
    Pete~Warden and
    Martin~Wattenberg and
    Martin~Wicke and
    Yuan~Yu and
    Xiaoqiang~Zheng},
  year={2015},
}

@online{chollet2015keras,
  title={Keras},
  author={Chollet, Francois and others},
  year={2015},
  publisher={GitHub},
  url={https://github.com/fchollet/keras},
}

@online{google2014colab,
  title={Colab},
  author={Google},
  year={2014},
  publisher={Google},
  url={https://research.google.com/colaboratory/faq.html},

}


@misc{tableau,
  author       = {Tableau},
  howpublished = {https://www.tableau.com/why-tableau},
  title        = {Why choose Tableau},
  year         = {Accedido 6/11/2022}
}

@article{godfrey2016interactive,
  title={Interactive visualization of large data sets},
  author={Godfrey, Parke and Gryz, Jarek and Lasek, Piotr},
  journal={IEEE Transactions on Knowledge and Data Engineering},
  volume={28},
  number={8},
  pages={2142--2157},
  year={2016},
  publisher={IEEE}
}

@Article{matplotlib,
  Author    = {Hunter, J. D.},
  Title     = {Matplotlib: A 2D graphics environment},
  Journal   = {Computing in Science \& Engineering},
  Volume    = {9},
  Number    = {3},
  Pages     = {90--95},
  abstract  = {Matplotlib is a 2D graphics package used for Python for
  application development, interactive scripting, and publication-quality
  image generation across user interfaces and operating systems.},
  publisher = {IEEE COMPUTER SOC},
  doi       = {10.1109/MCSE.2007.55},
  year      = 2007
}

@book{bertin1983semiology,
  title={Semiology of graphics},
  author={Bertin, Jacques},
  year={1983},
  publisher={University of Wisconsin press}
}

@inproceedings{seo2004rank,
  title={A rank-by-feature framework for unsupervised multidimensional data exploration using low dimensional projections},
  author={Seo, Jinwook and Shneiderman, Ben},
  booktitle={IEEE Symposium on Information Visualization},
  pages={65--72},
  year={2004},
  organization={IEEE}
}

@article{saket2018beyond,
  title={Beyond heuristics: Learning visualization design},
  author={Saket, Bahador and Moritz, Dominik and Lin, Halden and Dibia, Victor and Demiralp, Cagatay and Heer, Jeffrey},
  journal={arXiv preprint arXiv:1807.06641},
  year={2018}
}

@incollection{li2020overview,
  title={Overview of data visualization},
  author={Li, Qi},
  booktitle={Embodying data},
  pages={17--47},
  year={2020},
  publisher={Springer}
}


@book{card1999readings,
  title={Readings in information visualization: using vision to think},
  author={Card, Mackinlay},
  year={1999},
  publisher={Morgan Kaufmann}
}

@article{friendly2001milestones,
  title={Milestones in the history of thematic cartography, statistical graphics, and data visualization},
  author={Friendly, Michael and Denis, Daniel J},
  journal={URL http://www. datavis. ca/milestones},
  volume={32},
  pages={13},
  year={2001}
}

@article{manovich2010visualization,
  title={What is visualization},
  author={Manovich, Lev},
  journal={paj: The Journal of the Initiative for Digital.--2010},
  year={2010}
}

@book{kirk2012data,
  title={Data Visualization: a successful design process},
  author={Kirk, Andy},
  year={2012},
  publisher={Packt publishing LTD}
}

@article{beyer2012importance,
  title={The importance of ‘big data’: a definition},
  author={Beyer, Mark A and Laney, Douglas},
  journal={Stamford, CT: Gartner},
  pages={2014--2018},
  year={2012}
}

@article{de2016formal,
  title={A formal definition of Big Data based on its essential features},
  author={De Mauro, Andrea and Greco, Marco and Grimaldi, Michele},
  journal={Library review},
  year={2016},
  publisher={Emerald Group Publishing Limited}
}

@article{bikakis2018big,
  title={Big data visualization tools},
  author={Bikakis, Nikos},
  journal={arXiv preprint arXiv:1801.08336},
  year={2018}
}

@article{chen2012business,
  title={Business intelligence and analytics: From big data to big impact},
  author={Chen, Hsinchun and Chiang, Roger HL and Storey, Veda C},
  journal={MIS quarterly},
  pages={1165--1188},
  year={2012},
  publisher={JSTOR}
}

@inproceedings{estevez2019demo,
  title={Demo Application for LETO: Learning Engine Through Ontologies},
  author={Estevez-Velarde, Suilan and Montoyo, Andr{\'e}s and Almeida-Cruz, Yudivi{\'a}n and Guti{\'e}rrez, Yoan and Piad-Morffis, Alejandro and Mu{\~n}oz, Rafael},
  booktitle={Proceedings of the International Conference on Recent Advances in Natural Language Processing (RANLP 2019)},
  pages={276--284},
  year={2019}
}


@book{estrada2012structure,
  title={The structure of complex networks: theory and applications},
  author={Estrada, Ernesto},
  year={2012},
  publisher={Oxford University Press}
}


@article{hamilton2017representation,
  title={Representation learning on graphs: Methods and applications},
  author={Hamilton, William L and Ying, Rex and Leskovec, Jure},
  journal={arXiv preprint arXiv:1709.05584},
  year={2017}
}

@article{codd1970relational,
  title={A relational model of data for large shared data banks},
  author={Codd, Edgar F},
  journal={Communications of the ACM},
  volume={13},
  number={6},
  pages={377--387},
  year={1970},
  publisher={ACM New York, NY, USA}
}

@article{guo2020survey,
  title={A survey on knowledge graph-based recommender systems},
  author={Guo, Qingyu and Zhuang, Fuzhen and Qin, Chuan and Zhu, Hengshu and Xie, Xing and Xiong, Hui and He, Qing},
  journal={IEEE Transactions on Knowledge and Data Engineering},
  year={2020},
  publisher={IEEE}
}

@article{jadhav2019comparison,
  title={Comparison of performance of data imputation methods for numeric dataset},
  author={Jadhav, Anil and Pramod, Dhanya and Ramanathan, Krishnan},
  journal={Applied Artificial Intelligence},
  volume={33},
  number={10},
  pages={913--933},
  year={2019},
  publisher={Taylor \& Francis}
}

@article{chami2022machine,
  title={Machine learning on graphs: A model and comprehensive taxonomy},
  author={Chami, Ines and Abu-El-Haija, Sami and Perozzi, Bryan and R{\'e}, Christopher and Murphy, Kevin},
  journal={Journal of Machine Learning Research},
  volume={23},
  number={89},
  pages={1--64},
  year={2022}
}



@article{nickel2015review,
  title={A review of relational machine learning for knowledge graphs},
  author={Nickel, Maximilian and Murphy, Kevin and Tresp, Volker and Gabrilovich, Evgeniy},
  journal={Proceedings of the IEEE},
  volume={104},
  number={1},
  pages={11--33},
  year={2015},
  publisher={IEEE}
}

@article{cai2018comprehensive,
  title={A comprehensive survey of graph embedding: Problems, techniques, and applications},
  author={Cai, Hongyun and Zheng, Vincent W and Chang, Kevin Chen-Chuan},
  journal={IEEE Transactions on Knowledge and Data Engineering},
  volume={30},
  number={9},
  pages={1616--1637},
  year={2018},
  publisher={IEEE}
}

@misc{hinsage,
  author       = {CSIRO's Data61},
  howpublished = {https://stellargraph.readthedocs.io/en/stable/hinsage.html},
  title        = {Heterogeneous GraphSAGE (HinSAGE)},
  year         = {2018}
}

@article{hamilton2017inductive,
  title={Inductive representation learning on large graphs},
  author={Hamilton, Will and Ying, Zhitao and Leskovec, Jure},
  journal={Advances in neural information processing systems},
  volume={30},
  year={2017}
}

@article{cho2022heterogeneous,
  title={Heterogeneous graph construction and HinSAGE learning from electronic medical records},
  author={Cho, Ha Na and Ahn, Imjin and Gwon, Hansle and Kang, Hee Jun and Kim, Yunha and Seo, Hyeram and Choi, Heejung and Kim, Minkyoung and Han, Jiye and Kee, Gaeun and others},
  year={2022}
}

@inproceedings{racchi2021fraud,
  title={Fraud Prevention and Detection on Heterogeneous Information Networks with Deep Graph Infomax},
  author={Racchi, Nicolas and Parravicini, Alberto and Di Donato, Guido Walter and Santambrogio, Marco D},
  booktitle={2021 IEEE 6th International Forum on Research and Technology for Society and Industry (RTSI)},
  pages={153--158},
  year={2021},
  organization={IEEE}
}

@article{van2022inductive,
  title={Inductive Graph Representation Learning for fraud detection},
  author={Van Belle, Rafa{\"e}l and Van Damme, Charles and Tytgat, Hendrik and De Weerdt, Jochen},
  journal={Expert Systems with Applications},
  volume={193},
  pages={116463},
  year={2022},
  publisher={Elsevier}
}
@article{yacoumatos2021trialgraph,
  title={TrialGraph: Machine Intelligence Enabled Insight from Graph Modelling of Clinical Trials},
  author={Yacoumatos, Christopher and Bragaglia, Stefano and Kanakia, Anshul and Svang{\aa}rd, Nils and Mangion, Jonathan and Donoghue, Claire and Weatherall, Jim and Khan, Faisal M and Shameer, Khader},
  journal={arXiv preprint arXiv:2112.08211},
  year={2021}
}

  @Book{wordnet1998,
    title = {WordNet: An Electronic Lexical Database},
    author = {Christiane Fellbaum},
    year = {1998},
    publisher = {Bradford Books},
  }


  @InProceedings{maas-EtAl:2011:ACL-HLT2011,
  author    = {Maas, Andrew L.  and  Daly, Raymond E.  and  Pham, Peter T.  and  Huang, Dan  and  Ng, Andrew Y.  and  Potts, Christopher},
  title     = {Learning Word Vectors for Sentiment Analysis},
  booktitle = {Proceedings of the 49th Annual Meeting of the Association for Computational Linguistics: Human Language Technologies},
  month     = {June},
  year      = {2011},
  address   = {Portland, Oregon, USA},
  publisher = {Association for Computational Linguistics},
  pages     = {142--150},
  url       = {http://www.aclweb.org/anthology/P11-1015}
}

@misc{plotly,
  author       = {Plotly},
  howpublished = {https://plot.ly},
  title        = {Plotly},
  year         = {Accedido 9/11/2022}
}

@inproceedings{pezoa2016foundations,
  title={Foundations of JSON schema},
  author={Pezoa, Felipe and Reutter, Juan L and Suarez, Fernando and Ugarte, Mart{\'\i}n and Vrgo{\v{c}}, Domagoj},
  booktitle={Proceedings of the 25th International Conference on World Wide Web},
  pages={263--273},
  year={2016},
  organization={International World Wide Web Conferences Steering Committee}
}

@inproceedings{qader2019overview,
  title={An overview of bag of words; importance, implementation, applications, and challenges},
  author={Qader, Wisam A and Ameen, Musa M and Ahmed, Bilal I},
  booktitle={2019 International Engineering Conference (IEC)},
  pages={200--204},
  year={2019},
  organization={IEEE}
}

@article{chakrabarti2006graph,
  title={Graph mining: Laws, generators, and algorithms},
  author={Chakrabarti, Deepayan and Faloutsos, Christos},
  journal={ACM computing surveys (CSUR)},
  volume={38},
  number={1},
  pages={2--es},
  year={2006},
  publisher={ACM New York, NY, USA}
}

@article{aly2005survey,
  title={Survey on multiclass classification methods},
  author={Aly, Mohamed},
  journal={Neural Netw},
  volume={19},
  number={1},
  pages={9},
  year={2005}
}

@article{lu2011link,
  title={Link prediction in complex networks: A survey},
  author={L{\"u}, Linyuan and Zhou, Tao},
  journal={Physica A: statistical mechanics and its applications},
  volume={390},
  number={6},
  pages={1150--1170},
  year={2011},
  publisher={Elsevier}
}

@article{pykeen2021software,
    author = {Ali, Mehdi and Berrendorf, Max and Hoyt, Charles Tapley and Vermue, Laurent and Sharifzadeh, Sahand and Tresp, Volker and Lehmann, Jens},
    journal = {Journal of Machine Learning Research},
    number = {82},
    pages = {1--6},
    title = {{PyKEEN 1.0: A Python Library for Training and Evaluating Knowledge Graph Embeddings}},
    url = {https://jmlr.org/papers/v22/20-825.html},
    volume = {22},
    year = {2021}
}

@inproceedings{bayat2014parallel,
  title={Parallel universes algorithm: A metaheuristic approach to solve vehicle routing problem},
  author={Bayat, Alireza Akbari},
  booktitle={Fifth International Conference on Computing, Communications and Networking Technologies (ICCCNT)},
  pages={1--7},
  year={2014},
  organization={IEEE}
}


@inproceedings{tay2017non,
  title={Non-parametric estimation of multiple embeddings for link prediction on dynamic knowledge graphs},
  author={Tay, Yi and Luu, Anh Tuan and Hui, Siu Cheung},
  booktitle={Thirty-first AAAI conference on artificial intelligence},
  year={2017}
}


@article{kelleher2011ten,
  title={Ten guidelines for effective data visualization in scientific publications},
  author={Kelleher, Christa and Wagener, Thorsten},
  journal={Environmental Modelling \& Software},
  volume={26},
  number={6},
  pages={822--827},
  year={2011},
  publisher={Elsevier}
}

@article{tufte1985visual,
  title={The visual display of quantitative information},
  author={Tufte, Edward R},
  journal={The Journal for Healthcare Quality (JHQ)},
  volume={7},
  number={3},
  pages={15},
  year={1985},
  publisher={LWW}
}

@book{tufte1990envisioning,
  title={Envisioning information},
  author={Tufte, Edward R and Goeler, Nora Hillman and Benson, Richard},
  volume={126},
  year={1990},
  publisher={Graphics press Cheshire, CT}
}

@article{bordes2013translating,
  title={Translating embeddings for modeling multi-relational data},
  author={Bordes, Antoine and Usunier, Nicolas and Garcia-Duran, Alberto and Weston, Jason and Yakhnenko, Oksana},
  journal={Advances in neural information processing systems},
  volume={26},
  year={2013}
}

@inproceedings{lin2015learning,
  title={Learning entity and relation embeddings for knowledge graph completion},
  author={Lin, Yankai and Liu, Zhiyuan and Sun, Maosong and Liu, Yang and Zhu, Xuan},
  booktitle={Twenty-ninth AAAI conference on artificial intelligence},
  year={2015}
}

@inproceedings{ji-etal-2015-knowledge,
    title = "Knowledge Graph Embedding via Dynamic Mapping Matrix",
    author = "Ji, Guoliang  and
      He, Shizhu  and
      Xu, Liheng  and
      Liu, Kang  and
      Zhao, Jun",
    booktitle = "Proceedings of the 53rd Annual Meeting of the Association for Computational Linguistics and the 7th International Joint Conference on Natural Language Processing (Volume 1: Long Papers)",
    month = jul,
    year = "2015",
    address = "Beijing, China",
    publisher = "Association for Computational Linguistics",
    url = "https://aclanthology.org/P15-1067",
    doi = "10.3115/v1/P15-1067",
    pages = "687--696",
}

@inproceedings{wang2014knowledge,
  title={Knowledge graph embedding by translating on hyperplanes},
  author={Wang, Zhen and Zhang, Jianwen and Feng, Jianlin and Chen, Zheng},
  booktitle={Proceedings of the AAAI conference on artificial intelligence},
  volume={28},
  number={1},
  year={2014}
}

@inproceedings{trouillon2016complex,
  title={Complex embeddings for simple link prediction},
  author={Trouillon, Th{\'e}o and Welbl, Johannes and Riedel, Sebastian and Gaussier, {\'E}ric and Bouchard, Guillaume},
  booktitle={International conference on machine learning},
  pages={2071--2080},
  year={2016},
  organization={PMLR}
}